<record><leader>00000cas a22000007a 4500</leader><controlfield tag="001">35454949</controlfield><controlfield tag="008">960910d19281941sduwr ne      0    0eng d</controlfield><datafield ind1=" " ind2=" " tag="010"><subfield code="a">sn 96090232 </subfield></datafield><datafield ind1=" " ind2=" " tag="040"><subfield code="a">SXN</subfield><subfield code="b">eng</subfield><subfield code="c">SXN</subfield><subfield code="d">OCLCQ</subfield><subfield code="d">OCLCO</subfield></datafield><datafield ind1="1" ind2=" " tag="029"><subfield code="a">AU@</subfield><subfield code="b">000012845329</subfield></datafield><datafield ind1=" " ind2=" " tag="042"><subfield code="a">msc</subfield></datafield><datafield ind1=" " ind2=" " tag="043"><subfield code="a">n-us-sd</subfield></datafield><datafield ind1="0" ind2="4" tag="245"><subfield code="a">The Martin messenger and the Bennett County review.</subfield></datafield><datafield ind1=" " ind2=" " tag="260"><subfield code="a">Martin, Bennett County, S.D. :</subfield><subfield code="b">Fern L. Pugh</subfield></datafield><datafield ind1=" " ind2=" " tag="300"><subfield code="a">v.</subfield></datafield><datafield ind1=" " ind2=" " tag="310"><subfield code="a">Weekly</subfield></datafield><datafield ind1="1" ind2=" " tag="362"><subfield code="a">Began in 1928.</subfield></datafield><datafield ind1="0" ind2=" " tag="362"><subfield code="a">-v. 31, no. 26 (July 31, 1941) = -v. 14, no. 31.</subfield></datafield><datafield ind1=" " ind2=" " tag="530"><subfield code="a">Available on microfilm from: State Archives, South Dakota State Historical Society.</subfield></datafield><datafield ind1=" " ind2=" " tag="580"><subfield code="a">Formed by the union of: Martin messenger, and: Bennett County review.</subfield></datafield><datafield ind1=" " ind2=" " tag="588"><subfield code="a">Description based on: Vol. 17, no. 40 (Nov. 29, 1928) = v. 2, no. 39.</subfield></datafield><datafield ind1=" " ind2="0" tag="651"><subfield code="a">Martin (Bennett County, S.D.)</subfield><subfield code="v">Newspapers.</subfield></datafield><datafield ind1=" " ind2="0" tag="651"><subfield code="a">Bennett County (S.D.)</subfield><subfield code="v">Newspapers.</subfield></datafield><datafield ind1=" " ind2=" " tag="752"><subfield code="a">United States</subfield><subfield code="b">South Dakota</subfield><subfield code="c">Bennett</subfield><subfield code="d">Martin.</subfield></datafield><datafield ind1="1" ind2="4" tag="780"><subfield code="t">Martin messenger</subfield><subfield code="w">(DLC)sn 96090233</subfield></datafield><datafield ind1="1" ind2="4" tag="780"><subfield code="t">Bennett County review</subfield><subfield code="w">(DLC)sn 96090231</subfield></datafield><datafield ind1="0" ind2="0" tag="785"><subfield code="t">Martin messenger (Martin, S.D. : 1941)</subfield><subfield code="w">(DLC)sn 96090230</subfield></datafield></record>